% This file was created with JabRef 2.10b2.
% Encoding: UTF-8


@Book{palicyn_2006,
  Title                    = {Технико-экономическое обоснование дипломных проектов: Метод. пособие для студ. всех спец. БГУИР. В 4-х ч. Ч. 4: Проекты программного обеспечения},
  Author                   = {В. А. Палицын},
  Publisher                = {БГУИР},
  Year                     = {2006},

  Owner                    = {ales},
  Timestamp                = {2015.04.19}
}

@Electronic{belcalendar_2015,
  Title                    = {Календарь на 2015 год в Беларуси},
  Url                      = {http://www.calendar.by/?year=2015},
  Year                     = {2015},

  Owner                    = {ales},
  Timestamp                = {2015.04.19}
}

